@Book{Holtzblatt2005,
    author    = "Holtzblatt and Wendel and Wood",
    title     = "Rapid Contextual Design",
    publisher = "Morgan Kaufmann",
    year      = 2005,
    pages     = "209--277"
}

@Book{Benyon2010,
    author    = "David Benyon",
    title     = "Designing Interactive Systems",
    publisher = "Addison Wesley",
    year      = 2010,
    edition   = 2
}

@article{Holtzblatt1993,
    author    = "Karen Holtzblatt and Hugh Beyer",
    title     = "Making Customer-Centered Design Work For Teams",
    year      = 1993,
    journal   = "Communications of the ACM",
    volume    = 36,
    number    = 10
}

@misc{Grue,
    author    = "Jakob Grue Simonsen",
    month     = "september",
    year      = 2010,
    title     = "{HCI}-forelæsning"
}

@article{os,
    author = "Daniel Egeberg and Kristoffer Søholm and Sebastian Tørholm",
    title  = "{HCI}: Ugeopgave 3",
    year   = 2010,
    publisher = "Absalon"
}

@article{osos,
    author = "Daniel Egeberg and Kristoffer Søholm and Sebastian Tørholm",
    title  = "{HCI}: Ugeopgave 4",
    year   = 2010,
    publisher = "Absalon"
}
