@Book{Holtzblatt2005,
    author    = "Holtzblatt and Wendel and Wood",
    title     = "Rapid Contextual Design",
    publisher = "Morgan Kaufmann",
    year      = 2005,
    pages     = "209--277"
}

@Book{Benyon2010,
    author    = "David Benyon",
    title     = "Designing Interactive Systems",
    publisher = "Addison Wesley",
    year      = 2010,
    edition   = 2
}

@article{Holtzblatt1993,
    author    = "Karen Holtzblatt and Hugh Beyer",
    title     = "Making Customer-Centered Design Work For Teams",
    year      = 1993,
    journal   = "Communications of the ACM",
    volume    = 36,
    number    = 10
}
